<?xml version="1.0" encoding="UTF-8"?><record xmlns="http://www.loc.gov/MARC21/slim" xmlns:cinclude="http://apache.org/cocoon/include/1.0" xmlns:zs="http://www.loc.gov/zing/srw/">
  <leader>00649cz  a2200157n  4500</leader>
  <controlfield tag="001">n  85342837 </controlfield>
  <controlfield tag="003">DLC</controlfield>
  <controlfield tag="005">20120530074645.0</controlfield>
  <controlfield tag="008">860318n| acannaabn          |n aaa      </controlfield>
  <datafield tag="010" ind1=" " ind2=" ">
    <subfield code="a">n  85342837 </subfield>
  </datafield>
  <datafield tag="035" ind1=" " ind2=" ">
    <subfield code="a">(OCoLC)oca01538077</subfield>
  </datafield>
  <datafield tag="040" ind1=" " ind2=" ">
    <subfield code="a">DNLM</subfield>
    <subfield code="b">eng</subfield>
    <subfield code="c">DLC</subfield>
    <subfield code="d">DLC</subfield>
    <subfield code="d">ItFiC</subfield>
  </datafield>
  <datafield tag="100" ind1="1" ind2=" ">
    <subfield code="a">Defanti, Carlo A.</subfield>
  </datafield>
  <datafield tag="670" ind1=" " ind2=" ">
    <subfield code="a">Int. Symp. on SSPE (2nd : 1985 : Bergamo, Italy). Subacute sclerosing panencephalitis, 1986:</subfield>
    <subfield code="b">CIP t.p. (Carlo A. Defanti, Dept. of Neurology, Ospedale Bolognini, Seriate, Italy)</subfield>
  </datafield>
  <datafield tag="670" ind1=" " ind2=" ">
    <subfield code="a">Defanti, Carlo A. Vivo o morto?, 1999:</subfield>
    <subfield code="b">back cover flap (b. 1939 in Genova [Italy])</subfield>
  </datafield>
  <datafield tag="670" ind1=" " ind2=" ">
    <subfield code="a">Eugenetica, c2012:</subfield>
    <subfield code="b">t.p. (Carlo Alberto Defanti)</subfield>
  </datafield>
</record>